<?xml version="1.0" encoding="UTF-8"?><collection xmlns="http://www.loc.gov/MARC21/slim"><record><leader>00619nam--2200181-i-4500</leader><controlfield tag="001">000046366</controlfield><controlfield tag="002">20161230</controlfield><controlfield tag="005">20161230201045</controlfield><controlfield tag="008">060222s1000------------r-----000-0-fre-d</controlfield><datafield ind1=" " ind2=" " tag="040"><subfield code="a">IFIN-HH</subfield></datafield><datafield ind1=" " ind2=" " tag="041"><subfield code="a">fre</subfield></datafield><datafield ind1=" " ind2=" " tag="080"><subfield code="a">539.143.43</subfield></datafield><datafield ind1="1" ind2=" " tag="100"><subfield code="a">Chezeau, Jean-michel</subfield></datafield><datafield ind1="1" ind2="0" tag="245"><subfield code="a">Etude des mouvements de reorientation et de diffusion dans quelques cristaux organiques par resonance magnetique protonique et relaxation magnetique en referentiels fixe et tournant</subfield><subfield code="b">These</subfield><subfield code="c">Jean-michel chezeau</subfield></datafield><datafield ind1=" " ind2=" " tag="260"><subfield code="a">Bordeaux</subfield><subfield code="b">Universite</subfield><subfield code="c">1970</subfield></datafield><datafield ind1=" " ind2=" " tag="300"><subfield code="a">170P</subfield></datafield><datafield ind1=" " ind2=" " tag="852"><subfield code="a">35798</subfield><subfield code="c">539.143.43</subfield></datafield><datafield ind1=" " ind2=" " tag="CAT"><subfield code="a">Sys</subfield><subfield code="c">20120507</subfield><subfield code="h">173706</subfield></datafield></record></collection>